<?xml version="1.0" encoding="UTF-8"?><record xmlns="http://www.loc.gov/MARC21/slim" xmlns:cinclude="http://apache.org/cocoon/include/1.0" xmlns:zs="http://www.loc.gov/zing/srw/">
  <leader>00404nz  a2200121n  4500</leader>
  <controlfield tag="001">no 93036511 </controlfield>
  <controlfield tag="003">DLC</controlfield>
  <controlfield tag="005">19931203153930.2</controlfield>
  <controlfield tag="008">931201n| acannaab|          |n aaa     c</controlfield>
  <datafield tag="010" ind1=" " ind2=" ">
    <subfield code="a">no 93036511 </subfield>
  </datafield>
  <datafield tag="040" ind1=" " ind2=" ">
    <subfield code="a">InU</subfield>
    <subfield code="c">InU</subfield>
  </datafield>
  <datafield tag="100" ind1="1" ind2="0">
    <subfield code="a">Chung, Yeon-Kyoung,</subfield>
    <subfield code="d">1963-</subfield>
  </datafield>
  <datafield tag="670" ind1=" " ind2=" ">
    <subfield code="a">Her The international literature of classification systems during the period 1981-1990, 1993:</subfield>
    <subfield code="b">t.p. (Yeon-Kyoung Chung) leaf 378 (b. 5-23-63)</subfield>
  </datafield>
</record>